<record><leader>00000cas a2200000 i 4500</leader><controlfield tag="001">9654375</controlfield><controlfield tag="008">830629d18441874inuwr ne      0   a0eng c</controlfield><datafield ind1=" " ind2=" " tag="010"><subfield code="a">sn 83025612 </subfield></datafield><datafield ind1=" " ind2=" " tag="040"><subfield code="a">NPV</subfield><subfield code="b">eng</subfield><subfield code="e">rda</subfield><subfield code="c">NPV</subfield><subfield code="d">NPX</subfield><subfield code="d">NPU</subfield><subfield code="d">NPI</subfield><subfield code="d">CNW</subfield><subfield code="d">OCL</subfield><subfield code="d">CUI</subfield><subfield code="d">OCLCQ</subfield><subfield code="d">OCLCF</subfield><subfield code="d">IUL</subfield></datafield><datafield ind1=" " ind2=" " tag="042"><subfield code="a">pcc</subfield></datafield><datafield ind1=" " ind2=" " tag="043"><subfield code="a">n-us-in</subfield></datafield><datafield ind1=" " ind2=" " tag="045"><subfield code="a">w4w7</subfield></datafield><datafield ind1=" " ind2="4" tag="050"><subfield code="a">AN</subfield></datafield><datafield ind1=" " ind2=" " tag="052"><subfield code="a">4093</subfield><subfield code="b">C3</subfield></datafield><datafield ind1="0" ind2="0" tag="245"><subfield code="a">Democratic Pharos.</subfield></datafield><datafield ind1=" " ind2="1" tag="264"><subfield code="a">Logansport, Cass Co., Ia. [i.e. Ind.] :</subfield><subfield code="b">S.A. Hall,</subfield><subfield code="c">1844-1874.</subfield></datafield><datafield ind1=" " ind2=" " tag="300"><subfield code="a">30 volumes</subfield></datafield><datafield ind1=" " ind2=" " tag="310"><subfield code="a">Weekly</subfield></datafield><datafield ind1=" " ind2=" " tag="336"><subfield code="a">text</subfield><subfield code="b">txt</subfield><subfield code="2">rdacontent</subfield></datafield><datafield ind1=" " ind2=" " tag="337"><subfield code="a">unmediated</subfield><subfield code="b">n</subfield><subfield code="2">rdamedia</subfield></datafield><datafield ind1=" " ind2=" " tag="338"><subfield code="a">volume</subfield><subfield code="b">nc</subfield><subfield code="2">rdacarrier</subfield></datafield><datafield ind1="0" ind2=" " tag="362"><subfield code="a">Vol. 1, no. 1 (July 24, 1844)-vol. XXX, no. 34 (February 11, 1874) = -no. 1543.</subfield></datafield><datafield ind1=" " ind2=" " tag="515"><subfield code="a">Whole numbering begins with &lt;Aug. 6, 1845&gt; issue.</subfield></datafield><datafield ind1=" " ind2=" " tag="580"><subfield code="a">Published daily telegraphic messages on a single-sheet daily called: Daily telegraphic Pharos. Cf. Miller, J.W. Ind. newspaper bibl.</subfield></datafield><datafield ind1=" " ind2="0" tag="651"><subfield code="a">Logansport (Ind.)</subfield><subfield code="v">Newspapers.</subfield></datafield><datafield ind1=" " ind2="0" tag="651"><subfield code="a">Cass County (Ind.)</subfield><subfield code="v">Newspapers.</subfield></datafield><datafield ind1=" " ind2="7" tag="651"><subfield code="a">Indiana</subfield><subfield code="z">Cass County.</subfield><subfield code="2">fast</subfield><subfield code="0">(OCoLC)fst01206116</subfield></datafield><datafield ind1=" " ind2="7" tag="651"><subfield code="a">Indiana</subfield><subfield code="z">Logansport.</subfield><subfield code="2">fast</subfield><subfield code="0">(OCoLC)fst01206115</subfield></datafield><datafield ind1=" " ind2="7" tag="655"><subfield code="a">Newspapers.</subfield><subfield code="2">fast</subfield><subfield code="0">(OCoLC)fst01423814</subfield></datafield><datafield ind1=" " ind2=" " tag="752"><subfield code="a">United States</subfield><subfield code="b">Indiana</subfield><subfield code="c">Cass</subfield><subfield code="d">Logansport.</subfield></datafield><datafield ind1="0" ind2="8" tag="776"><subfield code="i">Online version:</subfield><subfield code="t">Democratic Pharos</subfield><subfield code="w">(OCoLC)611201596</subfield></datafield><datafield ind1="0" ind2="0" tag="785"><subfield code="t">Logansport Pharos (Logansport, Ind. : Weekly)</subfield><subfield code="w">(DLC)sn 87056024</subfield><subfield code="w">(OCoLC)15861565</subfield></datafield><datafield ind1="1" ind2=" " tag="787"><subfield code="t">Daily telegraphic Pharos</subfield></datafield><datafield ind1="4" ind2="1" tag="856"><subfield code="u">https://access.newspaperarchive.com/us/indiana/logansport/logansport-pharos/</subfield></datafield><datafield ind1="4" ind2="1" tag="856"><subfield code="u">https://access.newspaperarchive.com/us/indiana/logansport/logansport-democratic-pharos/</subfield></datafield></record>